<record xmlns='http://www.loc.gov/MARC21/slim'><leader>00979cam a2200289 a 4500</leader><controlfield tag='001'>1868021</controlfield><controlfield tag='005'>20140930173924.0</controlfield><controlfield tag='008'>851201s1985    vrab          001 0 eng  </controlfield><datafield ind1='1' ind2=' ' tag='019'><subfield code='a'>4401191</subfield><subfield code='z'>3899611</subfield><subfield code='z'>3308572</subfield></datafield><datafield ind1=' ' ind2=' ' tag='020'><subfield code='a'>0855507322</subfield><subfield code='q'>corrected</subfield><subfield code='c'>$12.95 Aust.</subfield></datafield><datafield ind1=' ' ind2=' ' tag='020'><subfield code='a'>0855507403</subfield><subfield code='z'>0855504404</subfield><subfield code='z'>085550448X</subfield><subfield code='q'>corrected</subfield><subfield code='q'>soft</subfield><subfield code='c'>$9.95 Aust.</subfield></datafield><datafield ind1=' ' ind2=' ' tag='035'><subfield code='9'>(AuCNLDY)1828626</subfield></datafield><datafield ind1=' ' ind2=' ' tag='035'><subfield code='a'>1868021</subfield></datafield><datafield ind1=' ' ind2=' ' tag='040'><subfield code='a'>ANB</subfield><subfield code='b'>eng</subfield><subfield code='c'>ANB</subfield><subfield code='d'>ANL</subfield></datafield><datafield ind1=' ' ind2=' ' tag='042'><subfield code='a'>anuc</subfield></datafield><datafield ind1=' ' ind2=' ' tag='043'><subfield code='a'>u-at---</subfield></datafield><datafield ind1='0' ind2='4' tag='082'><subfield code='a'>912/.94</subfield><subfield code='2'>19</subfield></datafield><datafield ind1='0' ind2='0' tag='245'><subfield code='a'>Australian road atlas</subfield><subfield code='h'>[cartographic material].</subfield></datafield><datafield ind1=' ' ind2=' ' tag='250'><subfield code='a'>4th ed. - Scales vary.</subfield></datafield><datafield ind1=' ' ind2=' ' tag='260'><subfield code='a'>[Melbourne] :</subfield><subfield code='b'>BP and Currey O&apos;Neil : Gordon and Gotch [distributor],</subfield><subfield code='c'>1985.</subfield></datafield><datafield ind1=' ' ind2=' ' tag='300'><subfield code='a'>1 atlas (162 p.) :</subfield><subfield code='b'>91 col. maps ;</subfield><subfield code='c'>28 cm.</subfield></datafield><datafield ind1=' ' ind2=' ' tag='500'><subfield code='a'>Previous ed.: Windsor, Vic. : George Philip and O&apos;Neil, 1981.</subfield></datafield><datafield ind1=' ' ind2=' ' tag='500'><subfield code='a'>Includes index.</subfield></datafield><datafield ind1=' ' ind2=' ' tag='500'><subfield code='a'>Two maps on lining papers.</subfield></datafield><datafield ind1=' ' ind2='0' tag='650'><subfield code='a'>Roads</subfield><subfield code='z'>Australia</subfield><subfield code='v'>Maps.</subfield></datafield><datafield ind1=' ' ind2='0' tag='651'><subfield code='a'>Australia</subfield><subfield code='v'>Maps.</subfield></datafield><datafield ind1='2' ind2=' ' tag='710'><subfield code='a'>BP Australia.</subfield></datafield><datafield ind1=' ' ind2=' ' tag='880'><subfield code='6'>020-01</subfield><subfield code='a'>1111</subfield><subfield code='q'>dummy</subfield></datafield></record>
